<record><leader>00000cas a22000007a 4500</leader><controlfield tag="001">20115659</controlfield><controlfield tag="008">890802c19209999gauwr ne      0    0eng d</controlfield><datafield ind1=" " ind2=" " tag="010"><subfield code="a">sn 89053504 </subfield></datafield><datafield ind1=" " ind2=" " tag="040"><subfield code="a">NLG</subfield><subfield code="b">eng</subfield><subfield code="c">NLG</subfield><subfield code="d">OCLCQ</subfield><subfield code="d">GEH</subfield><subfield code="d">OCLCO</subfield><subfield code="d">OCLCF</subfield></datafield><datafield ind1=" " ind2=" " tag="042"><subfield code="a">msc</subfield></datafield><datafield ind1="0" ind2="4" tag="245"><subfield code="a">The Lanier County news.</subfield></datafield><datafield ind1=" " ind2=" " tag="260"><subfield code="a">Milltown, Berrien County [i.e. Lakeland], Ga. :</subfield><subfield code="b">W.L. Miller</subfield></datafield><datafield ind1=" " ind2=" " tag="300"><subfield code="a">v.</subfield></datafield><datafield ind1=" " ind2=" " tag="310"><subfield code="a">Weekly</subfield></datafield><datafield ind1="1" ind2=" " tag="362"><subfield code="a">Began with Aug. 5, 1920 issue.</subfield></datafield><datafield ind1=" " ind2=" " tag="500"><subfield code="a">Published a combined Christmas edition: Lanier County news, Nasshville herald, The gold leaf, on Dec. 22, 1975.</subfield></datafield><datafield ind1=" " ind2=" " tag="588"><subfield code="a">Description based on: Vol. 1, no. 2 (Aug. 12, 1920).</subfield></datafield><datafield ind1=" " ind2="0" tag="651"><subfield code="a">Lanier County (Ga.)</subfield><subfield code="v">Newspapers.</subfield></datafield><datafield ind1=" " ind2="7" tag="655"><subfield code="a">Newspapers.</subfield><subfield code="2">fast</subfield><subfield code="0">(OCoLC)fst01423814</subfield></datafield><datafield ind1=" " ind2="7" tag="651"><subfield code="a">Georgia</subfield><subfield code="z">Lanier County.</subfield><subfield code="2">fast</subfield><subfield code="0">(OCoLC)fst01217795</subfield></datafield><datafield ind1=" " ind2=" " tag="752"><subfield code="a">United States</subfield><subfield code="b">Georgia</subfield><subfield code="c">Berrien</subfield><subfield code="d">Milltown.</subfield></datafield><datafield ind1=" " ind2=" " tag="752"><subfield code="a">United States</subfield><subfield code="b">Georgia</subfield><subfield code="c">Lanier</subfield><subfield code="d">Lakeland.</subfield></datafield><datafield ind1="0" ind2="0" tag="780"><subfield code="t">Milltown advocate</subfield></datafield></record>